@inproceedings{mainland07quasiquoting,
 author = {Geoffrey Mainland},
 title = {Why it's nice to be quoted: Quasiquoting for {Haskell}},
 booktitle = {Haskell '07: Proceedings of the ACM SIGPLAN workshop on Haskell workshop},
 year = {2007},
 pages = {73--82},
 location = {Freiburg, Germany},
 publisher = {ACM},
 address = {New York, NY, USA},
}